@misc{rfc792,
	series =	{Request for Comments},
	number=		792,
	howpublished=	{RFC 792},
	publisher =	{RFC Editor},
	doi =		{10.17487/rfc792},
	url =		{https://rfc-editor.org/rfc/rfc792.txt},
	author=		{},
	title=		{{Internet Control Message Protocol}},
	pagetotal =	21,
	year =		2013,
	month =		mar,
	day =		2,
	abstract =	{},
}

@MISC{Cimbala,
howpublished = {\url{http://www.mne.psu.edu/cimbala/me345/Lectures/Outliers.pdf}}
}

@MISC{Jobst,
howpublished = {\url{http://www.net.in.tum.de/fileadmin/TUM/NET/NET-2012-08-1/NET-2012-08-1_02.pdf}}
}
